@book{Dirac,
  title={Lectures on Quantum Mechanics},
  author={Dirac, P.A.M.},
  year={1964},
  publisher={New York, Belfer Graduate School of Science, Yeshiva University}
}

@article{Lovsz1993RandomWI,
	title={Random Walks in a Convex Body and an Improved Volume Algorithm},
	author={L{\'a}szl{\'o} Mikl{\'o}s Lov{\'a}sz and Mikl{\'o}s Simonovits},
	journal={Random Struct. Algorithms},
	year={1993},
	volume={4},
	pages={359-412}
}

@article{SpielmanClustering,
	author    = {Daniel A. Spielman and
	Shang{-}Hua Teng},
	title     = {A Local Clustering Algorithm for Massive Graphs and its Application
	to Nearly-Linear Time Graph Partitioning},
	journal   = {CoRR},
	volume    = {abs/0809.3232},
	year      = {2008},
	url       = {http://arxiv.org/abs/0809.3232},
	eprinttype = {arXiv},
	eprint    = {0809.3232},
	timestamp = {Mon, 13 Aug 2018 16:47:19 +0200},
	biburl    = {https://dblp.org/rec/journals/corr/abs-0809-3232.bib},
	bibsource = {dblp computer science bibliography, https://dblp.org}
}

@inproceedings{Takai_2020,
	doi = {10.1145/3394486.3403248},
	url = {https://doi.org/10.1145%2F3394486.3403248},
	year = 2020,
	month = {aug},
	publisher = {{ACM}},
	author = {Yuuki Takai and Atsushi Miyauchi and Masahiro Ikeda and Yuichi Yoshida},
}

@article{continuous_laplacian_hypergraph,
	author    = {T.{-}H. Hubert Chan and
	Anand Louis and
	Zhihao Gavin Tang and
	Chenzi Zhang},
	title     = {Spectral Properties of Hypergraph Laplacian and Approximation Algorithms},
	journal   = {CoRR},
	volume    = {abs/1605.01483},
	year      = {2016},
	url       = {http://arxiv.org/abs/1605.01483},
	eprinttype = {arXiv},
	eprint    = {1605.01483},
	timestamp = {Mon, 13 Aug 2018 16:48:40 +0200},
	biburl    = {https://dblp.org/rec/journals/corr/ChanLTZ16.bib},
	bibsource = {dblp computer science bibliography, https://dblp.org}
}

