@inproceedings{Takai_2020,
	doi = {10.1145/3394486.3403248},
	url = {https://doi.org/10.1145%2F3394486.3403248},
	year = 2020,
	month = {aug},
	publisher = {{ACM}},
	author = {Yuuki Takai and Atsushi Miyauchi and Masahiro Ikeda and Yuichi Yoshida},
}

@article{Lovsz1993RandomWI,
  title={Random Walks in a Convex Body and an Improved Volume Algorithm},
  author={L{\'a}szl{\'o} Mikl{\'o}s Lov{\'a}sz and Mikl{\'o}s Simonovits},
  journal={Random Struct. Algorithms},
  year={1993},
  volume={4},
  pages={359-412}
}

@INPROCEEDINGS{AndersenPPRClustering,
  author={Andersen, Reid and Chung, Fan and Lang, Kevin},
  booktitle={2006 47th Annual IEEE Symposium on Foundations of Computer Science (FOCS'06)},
  title={Local Graph Partitioning using PageRank Vectors},
  year={2006},
  volume={},
  number={},
  pages={475-486},
  doi={10.1109/FOCS.2006.44}
}

@article{SpielmanClustering,
  author    = {Daniel A. Spielman and
               Shang{-}Hua Teng},
  title     = {A Local Clustering Algorithm for Massive Graphs and its Application
               to Nearly-Linear Time Graph Partitioning},
  journal   = {CoRR},
  volume    = {abs/0809.3232},
  year      = {2008},
  url       = {http://arxiv.org/abs/0809.3232},
  eprinttype = {arXiv},
  eprint    = {0809.3232},
  timestamp = {Mon, 13 Aug 2018 16:47:19 +0200},
  biburl    = {https://dblp.org/rec/journals/corr/abs-0809-3232.bib},
  bibsource = {dblp computer science bibliography, https://dblp.org}
}

@article{continuous_laplacian_hypergraph,
  author    = {T.{-}H. Hubert Chan and
               Anand Louis and
               Zhihao Gavin Tang and
               Chenzi Zhang},
  title     = {Spectral Properties of Hypergraph Laplacian and Approximation Algorithms},
  journal   = {CoRR},
  volume    = {abs/1605.01483},
  year      = {2016},
  url       = {http://arxiv.org/abs/1605.01483},
  eprinttype = {arXiv},
  eprint    = {1605.01483},
  timestamp = {Mon, 13 Aug 2018 16:48:40 +0200},
  biburl    = {https://dblp.org/rec/journals/corr/ChanLTZ16.bib},
  bibsource = {dblp computer science bibliography, https://dblp.org}
}

@article{Kapralov2020Nov,
	author = {Kapralov, Michael and Krauthgamer, Robert and Tardos, Jakab and Yoshida, Yuichi},
	title = {{Towards Tight Bounds for Spectral Sparsification of Hypergraphs}},
	journal = {arXiv},
	year = {2020},
	month = nov,
	eprint = {2011.06530},
	doi = {10.48550/arXiv.2011.06530}
}

@online{LScurve_decreasing,
  author = {Daniel Spielman},
  title = {The Lovasz - Simonovits Approach to Random Walks},
  year = 2018,
  url = {https://www.cs.yale.edu/homes/spielman/561/lect20-18.pdf},
  urldate = {2018-11-07}
}

@article{Li_Milenkovic_Laplacian_hypergraphs,
	author    = {Pan Li and
	Olgica Milenkovic},
	title     = {Submodular Hypergraphs: p-Laplacians, Cheeger Inequalities and Spectral
	Clustering},
	journal   = {CoRR},
	volume    = {abs/1803.03833},
	year      = {2018},
	url       = {http://arxiv.org/abs/1803.03833},
	eprinttype = {arXiv},
	eprint    = {1803.03833},
	timestamp = {Sun, 06 Oct 2019 12:32:05 +0200},
	biburl    = {https://dblp.org/rec/journals/corr/abs-1803-03833.bib},
	bibsource = {dblp computer science bibliography, https://dblp.org}
}
